<?xml version="1.0" encoding="UTF-8"?><collection xmlns="http://www.loc.gov/MARC21/slim"><record><leader>00480nam--2200181-i-4500</leader><controlfield tag="001">000020360</controlfield><controlfield tag="002">20161230</controlfield><controlfield tag="005">20161230201033</controlfield><controlfield tag="008">060222s1000------------r-----000-0-rum-d</controlfield><datafield ind1=" " ind2=" " tag="040"><subfield code="a">IFIN-HH</subfield></datafield><datafield ind1=" " ind2=" " tag="041"><subfield code="a">rum</subfield></datafield><datafield ind1=" " ind2=" " tag="080"><subfield code="a">532.516.5</subfield></datafield><datafield ind1="1" ind2=" " tag="100"><subfield code="a">Constantinescu, V.N</subfield></datafield><datafield ind1="1" ind2="0" tag="245"><subfield code="a">Dinamica fluidelor viscoase in regim laminar</subfield><subfield code="c">N.V. Constantinescu</subfield></datafield><datafield ind1=" " ind2=" " tag="260"><subfield code="a">Bucuresti, Editura Academiei Rsr., 1987</subfield></datafield><datafield ind1=" " ind2=" " tag="300"><subfield code="a">864 P</subfield></datafield><datafield ind1=" " ind2=" " tag="852"><subfield code="a">74159</subfield><subfield code="c">532</subfield></datafield><datafield ind1=" " ind2=" " tag="CAT"><subfield code="a">Sys</subfield><subfield code="c">20100826</subfield><subfield code="h">115350</subfield></datafield></record></collection>